<collection xmlns="http://www.loc.gov/MARC21/slim">
<record>
  <leader>01783nam0a22003131i 450 </leader>
  <controlfield tag="001">IT\ICCU\CNCE\064331</controlfield>
  <controlfield tag="005">20060505000000.0</controlfield>
  <datafield tag="012" ind1=" " ind2=" ">
    <subfield code="a">++++ tota e-hi liqd (3) 1511 (R)</subfield>
    <subfield code="2">fei</subfield>
  </datafield>
  <datafield tag="100" ind1=" " ind2=" ">
    <subfield code="a">20060324d1511        0itac0103    ba</subfield>
  </datafield>
  <datafield tag="101" ind1=" " ind2=" ">
    <subfield code="a">ITA</subfield>
  </datafield>
  <datafield tag="102" ind1=" " ind2=" ">
    <subfield code="a">IT</subfield>
  </datafield>
  <datafield tag="200" ind1="1" ind2=" ">
    <subfield code="a">Pronosticatione in vulgare rara et piu non vdita laquale expone et dechiara alchuni influxi del cielo: &amp; la inclinatione de certe constellatione</subfield>
  </datafield>
  <datafield tag="210" ind1=" " ind2=" ">
    <subfield code="a">\Venezia</subfield>
    <subfield code="c">Niccol ̣dal Ges ̮e Domenico dal Ges!̮</subfield>
    <subfield code="e">Impressa in Venetia</subfield>
    <subfield code="h">1511 adi ix agosto</subfield>
  </datafield>
  <datafield tag="215" ind1=" " ind2=" ">
    <subfield code="a">40 c.</subfield>
    <subfield code="c">ill.</subfield>
    <subfield code="d">4ʻ</subfield>
  </datafield>
  <datafield tag="300" ind1=" " ind2=" ">
    <subfield code="a">Per l&apos;autore cfr.: V.M. Essling, Les livres a figures venitiens, n. 1251</subfield>
  </datafield>
  <datafield tag="620" ind1=" " ind2=" ">
    <subfield code="a">IT</subfield>
    <subfield code="d">Venezia</subfield>
  </datafield>
  <datafield tag="700" ind1=" " ind2="1">
    <subfield code="a">Lichtenberger,</subfield>
    <subfield code="b">Johann</subfield>
    <subfield code="3">IT\ICCU\CNCA\017051</subfield>
  </datafield>
  <datafield tag="712" ind1="0" ind2="2">
    <subfield code="a"></subfield>
    <subfield code="3">IT\ICCU\CNCT\000491</subfield>
    <subfield code="4">650</subfield>
  </datafield>
  <datafield tag="790" ind1=" " ind2="1">
    <subfield code="a">Lichtenberger,</subfield>
    <subfield code="b">Iohannes</subfield>
    <subfield code="3">IT\ICCU\CNCA\021318</subfield>
    <subfield code="z">Lichtenberger, Johann</subfield>
  </datafield>
  <datafield tag="790" ind1=" " ind2="0">
    <subfield code="a">Johann</subfield>
    <subfield code="c"> : Lichtenberger</subfield>
    <subfield code="3">IT\ICCU\CNCA\021635</subfield>
    <subfield code="z">Lichtenberger, Johann</subfield>
  </datafield>
  <datafield tag="790" ind1=" " ind2="0">
    <subfield code="a">Giovanni</subfield>
    <subfield code="c"> : de#Claromonte</subfield>
    <subfield code="3">IT\ICCU\CNCA\021637</subfield>
    <subfield code="z">Lichtenberger, Johann</subfield>
  </datafield>
  <datafield tag="790" ind1=" " ind2="1">
    <subfield code="a">Claromontanus,</subfield>
    <subfield code="b">Johann</subfield>
    <subfield code="3">IT\ICCU\CNCA\021638</subfield>
    <subfield code="z">Lichtenberger, Johann</subfield>
  </datafield>
  <datafield tag="791" ind1="0" ind2="2">
    <subfield code="a"></subfield>
    <subfield code="3">IT\ICCU\CNCT\000492</subfield>
    <subfield code="z"></subfield>
  </datafield>
  <datafield tag="791" ind1="0" ind2="0">
    <subfield code="a">Ges,̮ Niccol ̣dal &amp; Ges,̮ Domenico dal</subfield>
    <subfield code="3">IT\ICCU\CNCT\002231</subfield>
    <subfield code="z"></subfield>
  </datafield>
  <datafield tag="791" ind1="0" ind2="2">
    <subfield code="a">Nicholo &amp; Domenego  fratelli</subfield>
    <subfield code="3">IT\ICCU\CNCT\002422</subfield>
    <subfield code="z"></subfield>
  </datafield>
  <datafield tag="791" ind1="0" ind2="0">
    <subfield code="a">Iesus, Nicolo del &amp; Iesus, Domenego del</subfield>
    <subfield code="3">IT\ICCU\CNCT\002423</subfield>
    <subfield code="z"></subfield>
  </datafield>
  <datafield tag="791" ind1="0" ind2="0">
    <subfield code="a">Del_Ges,̮ Niccol ̣&amp; Del_Ges,̮ Domenico</subfield>
    <subfield code="3">IT\ICCU\CNCT\004007</subfield>
    <subfield code="z"></subfield>
  </datafield>
  <datafield tag="801" ind1=" " ind2="3">
    <subfield code="a">IT</subfield>
    <subfield code="b">ICCU</subfield>
    <subfield code="c">20201115</subfield>
  </datafield>
  <datafield tag="899" ind1=" " ind2=" ">
    <subfield code="a">Biblioteca Estense Universitaria. Modena</subfield>
    <subfield code="z">MUTILO</subfield>
    <subfield code="1">MO0089</subfield>
    <subfield code="2">MOD BE</subfield>
  </datafield>
</record>
</collection>
